@article{Cook1971TheCO,
  year={1971},
  title={The complexity of theorem-proving procedures},
  author={Stephen A. Cook},
  journal={Proceedings of the third annual ACM symposium on Theory of computing},
  url={https://api.semanticscholar.org/CorpusID:7573663},
}
@article{Frances1997OnCP,
  title={On covering problems of codes},
  author={Moti Frances and Ami Litman},
  journal={Theory of Computing Systems},
  year={1997},
  volume={30},
  pages={113-119},
  url={https://api.semanticscholar.org/CorpusID:30005764}
}
@book{Jänich1996,
    author = "Klaus Jänich",
    title = "Topologie" ,
    publisher = "Springer Berlin, Heidelberg" ,
    year = "1996",
    isbn="978-3-662-10576-4",
    doi="https://doi.org/10.1007/978-3-662-10576-4"


}
@Inbook{2Jänich1996,
author="J{\"a}nich, Klaus",
title="Die Grundbegriffe",
bookTitle="Topologie",
year="1996",
publisher="Springer Berlin Heidelberg",
address="Berlin, Heidelberg",
pages="7--29",
isbn="978-3-662-10576-4",
doi="10.1007/978-3-662-10576-4_2",
url="https://doi.org/10.1007/978-3-662-10576-4_2"
}


@article{Festa2011EfficientSF,
  title={Efficient solutions for the far from most string problem},
  author={Paola Festa and Panos M. Pardalos},
  journal={Annals of Operations Research},
  year={2011},
  volume={196},
  pages={663 - 682},
  url={https://api.semanticscholar.org/CorpusID:18596656}
}